<mx:record xmlns="http://www.w3.org/TR/xhtml1/strict" xmlns:mx="http://www.loc.gov/MARC21/slim" xmlns:xsi="http://www.w3.org/2001/XMLSchema-instance"><mx:leader>00000cz   2200000n  4500</mx:leader><mx:controlfield tag="001">oca05584504 </mx:controlfield><mx:controlfield tag="005">20010917140051.0</mx:controlfield><mx:controlfield tag="008">010917n| acannaabn          |a aaa      </mx:controlfield><mx:datafield ind1=" " ind2=" " tag="010"><mx:subfield code="a">n 2001080155</mx:subfield></mx:datafield><mx:datafield ind1=" " ind2=" " tag="040"><mx:subfield code="a">DLC</mx:subfield><mx:subfield code="b">eng</mx:subfield><mx:subfield code="c">DLC</mx:subfield></mx:datafield><mx:datafield ind1="1" ind2=" " tag="100"><mx:subfield code="a">Scheffer, Johannes Reichard,</mx:subfield><mx:subfield code="d">fl. ca. 1580</mx:subfield></mx:datafield><mx:datafield ind1="1" ind2=" " tag="400"><mx:subfield code="a">Schefferus, Ioannes Reichardus,</mx:subfield><mx:subfield code="d">fl. ca. 1580</mx:subfield></mx:datafield><mx:datafield ind1=" " ind2=" " tag="670"><mx:subfield code="a">His  Dicaeopaedia, 1579, mense Augusto:</mx:subfield><mx:subfield code="b">t.p. (per Ioan. Reich. Schefferum); prelim. p. [12] (preface signed: Ioannes Reichardus Schefferus)</mx:subfield></mx:datafield><mx:datafield ind1=" " ind2=" " tag="670"><mx:subfield code="a">VD 16</mx:subfield><mx:subfield code="b">(Scheffer, Johannes Reichard; in record of his Axiomata, 1584: ... a Ioanne Reichardo Scheffero Beilsteinensi, cive Fridbergensi)</mx:subfield></mx:datafield><mx:datafield ind1=" " ind2=" " tag="675"><mx:subfield code="a">WBI 7 (K.G. Saur) online 09-17-01</mx:subfield></mx:datafield><mx:datafield ind1=" " ind2=" " tag="999"><mx:subfield code="a">2</mx:subfield></mx:datafield></mx:record>